<?xml version="1.0" encoding="UTF-8"?>
<collection xmlns:xsi="http://www.w3.org/2001/XMLSchema-instance" xsi:schemaLocation="http://www.loc.gov/MARC21/slim http://www.loc.gov/standards/marcxml/schema/MARC21slim.xsd" xmlns="http://www.loc.gov/MARC21/slim">
<record>
  <leader>01677cam a2200373Ia 4500</leader>
  <controlfield tag="001">2697648</controlfield>
  <controlfield tag="003">NNC</controlfield>
  <controlfield tag="005">20151019143131.0</controlfield>
  <controlfield tag="008">001006q19501993le           u000 0 arard</controlfield>
  <datafield tag="019" ind1=" " ind2=" ">
    <subfield code="a">41203560</subfield>
  </datafield>
  <datafield tag="035" ind1=" " ind2=" ">
    <subfield code="9">ARE8127CU</subfield>
  </datafield>
  <datafield tag="035" ind1=" " ind2=" ">
    <subfield code="a">(OCoLC)ocm78075240</subfield>
  </datafield>
  <datafield tag="035" ind1=" " ind2=" ">
    <subfield code="a">(OCoLC)78075240</subfield>
    <subfield code="z">(OCoLC)41203560</subfield>
  </datafield>
  <datafield tag="035" ind1=" " ind2=" ">
    <subfield code="a">(NNC)2697648</subfield>
  </datafield>
  <datafield tag="040" ind1=" " ind2=" ">
    <subfield code="a">NjP</subfield>
    <subfield code="c">HLS</subfield>
    <subfield code="d">DOS</subfield>
    <subfield code="d">CGU</subfield>
    <subfield code="d">OCLCF</subfield>
    <subfield code="d">OCLCO</subfield>
  </datafield>
  <datafield tag="043" ind1=" " ind2=" ">
    <subfield code="a">a-le---</subfield>
    <subfield code="a">a-sy---</subfield>
  </datafield>
  <datafield tag="050" ind1=" " ind2="4">
    <subfield code="a">KZ181.5.L4</subfield>
    <subfield code="b">1943</subfield>
  </datafield>
  <datafield tag="110" ind1="1" ind2=" ">
    <subfield code="a">Lebanon.</subfield>
  </datafield>
  <datafield tag="240" ind1="1" ind2="0">
    <subfield code="a">Treaties, etc.</subfield>
    <subfield code="g">Syria,</subfield>
    <subfield code="d">1943 October</subfield>
  </datafield>
  <datafield tag="245" ind1="1" ind2="3">
    <subfield code="a">al-Wathāʼiq wa-al-nuṣūṣ al-mukhtaṣṣah bi-al-ʻalaqāt al-iqtiṣādīyah wa-al-mālīyah bayna Sūriyā wa-Lubnān, Tishrīn al-awwal sanat 1943-14 Ādhār sanat 1950.</subfield>
  </datafield>
  <datafield tag="260" ind1=" " ind2=" ">
    <subfield code="6">880-01</subfield>
    <subfield code="a">[Bayrūt? :</subfield>
    <subfield code="b">s.n. ,</subfield>
    <subfield code="c">195-?]</subfield>
  </datafield>
  <datafield tag="300" ind1=" " ind2=" ">
    <subfield code="a">139, [4] p ;</subfield>
    <subfield code="c">24 cm.</subfield>
  </datafield>
  <datafield tag="500" ind1=" " ind2=" ">
    <subfield code="a">At head of title: al-Jumhūrīyah al-Lubnānīyah.</subfield>
  </datafield>
  <datafield tag="500" ind1=" " ind2=" ">
    <subfield code="a">Includes documents in French: p. 25-28.</subfield>
  </datafield>
  <datafield tag="651" ind1=" " ind2="0">
    <subfield code="a">Syria</subfield>
    <subfield code="x">Foreign economic relations</subfield>
    <subfield code="z">Lebanon</subfield>
    <subfield code="v">Sources.</subfield>
  </datafield>
  <datafield tag="651" ind1=" " ind2="0">
    <subfield code="a">Lebanon</subfield>
    <subfield code="x">Foreign economic relations</subfield>
    <subfield code="z">Syria</subfield>
    <subfield code="v">Sources.</subfield>
  </datafield>
  <datafield tag="650" ind1=" " ind2="7">
    <subfield code="a">International economic relations.</subfield>
    <subfield code="2">fast</subfield>
    <subfield code="0">(OCoLC)fst00976891</subfield>
  </datafield>
  <datafield tag="651" ind1=" " ind2="7">
    <subfield code="a">Lebanon.</subfield>
    <subfield code="2">fast</subfield>
    <subfield code="0">(OCoLC)fst01206063</subfield>
  </datafield>
  <datafield tag="651" ind1=" " ind2="7">
    <subfield code="a">Syria.</subfield>
    <subfield code="2">fast</subfield>
    <subfield code="0">(OCoLC)fst01208757</subfield>
  </datafield>
  <datafield tag="655" ind1=" " ind2="7">
    <subfield code="a">Sources.</subfield>
    <subfield code="2">fast</subfield>
    <subfield code="0">(OCoLC)fst01423900</subfield>
  </datafield>
  <datafield tag="710" ind1="1" ind2=" ">
    <subfield code="a">Syria.</subfield>
    <subfield code="t">Treaties, etc.</subfield>
    <subfield code="g">Lebanon,</subfield>
    <subfield code="d">1943 October.</subfield>
  </datafield>
  <datafield tag="880" ind1="1" ind2="2">
    <subfield code="6">245-00/r</subfield>
    <subfield code="a">الوثائق والنصوص المختصرة بالعلاقات الإقتصادية والمالية بين سوريا ولبنان، تشرين الأول سنة ١٩٤٣-١٤ آذار سنة ١٩٥٠.</subfield>
  </datafield>
  <datafield tag="880" ind1=" " ind2=" ">
    <subfield code="6">260-01/r</subfield>
    <subfield code="a">[بيروت؟ :</subfield>
    <subfield code="b">د.ن.،</subfield>
    <subfield code="c">195-؟]</subfield>
  </datafield>
  <datafield tag="955" ind1=" " ind2=" ">
    <subfield code="b">0026813360</subfield>
    <subfield code="d">glx</subfield>
    <subfield code="e">956.9 Sy83</subfield>
  </datafield>
</record>
</collection>